
@article{anderson_central_2008,
	title = {A central circuit of the mind},
	volume = {12},
	issn = {13646613},
	url = {http://linkinghub.elsevier.com/retrieve/pii/S1364661308000533},
	doi = {10.1016/j.tics.2008.01.006},
	number = {4},
	urldate = {2013-04-05},
	journal = {Trends in Cognitive Sciences},
	author = {Anderson, John R. and Fincham, Jon M. and Qin, Yulin and Stocco, Andrea},
	month = apr,
	year = {2008},
	pages = {136--143},
	file = {doi:10.1016/j.tics.2008.01.006 - TiCS 2008.pdf:/home/dgall/.mozilla/firefox/r7xmse5h.default/zotero/storage/2MV2M2QQ/TiCS 2008.pdf:application/pdf}
},

@article{anderson_act:_1996,
	title = {{ACT:} A simple theory of complex cognition.},
	volume = {51},
	issn = {1935-{990X}, 0003-{066X}},
	shorttitle = {{ACT}},
	url = {http://doi.apa.org/getdoi.cfm?doi=10.1037/0003-066X.51.4.355},
	doi = {10.1037/0003-066X.51.4.355},
	number = {4},
	urldate = {2013-05-08},
	journal = {American Psychologist},
	author = {Anderson, John R.},
	year = {1996},
	pages = {355--365},
	file = {ACT.ASimpleTheory.pdf:/home/dgall/.mozilla/firefox/r7xmse5h.default/zotero/storage/PB4M6BQ4/ACT.ASimpleTheory.pdf:application/pdf}
},

@misc{actr_homepage,
	title = {The {ACT-R} Homepage},
	url = {http://act-r.psy.cmu.edu/},
	urldate = {2013-03-22},
	file = {ACT-R: ACT-R 6:/home/dgall/.mozilla/firefox/r7xmse5h.default/zotero/storage/B4K8TQMA/actr6.html:text/html}
},

@article{anderson_act-r:_1997,
	title = {{ACT-R:} A Theory of Higher Level Cognition and Its Relation to Visual Attention},
	volume = {12},
	issn = {0737-0024},
	shorttitle = {{ACT-R}},
	url = {http://www.tandfonline.com/doi/abs/10.1207/s15327051hci1204_5},
	doi = {10.1207/s15327051hci1204_5},
	number = {4},
	urldate = {2013-05-05},
	journal = {Human-Computer Interaction},
	author = {Anderson, John and Matessa, Michael and Lebiere, Christian},
	month = dec,
	year = {1997},
	pages = {439--462},
	file = {jra_mm_cl_1997_a.pdf:/home/dgall/.mozilla/firefox/r7xmse5h.default/zotero/storage/99MKJ5XR/jra_mm_cl_1997_a.pdf:application/pdf}
},

@misc{_act-r:_????-1,
	title = {{ACT-R:} Modeling paradigms is {ACT-R} (2006)},
	url = {http://act-r.psy.cmu.edu/publications/pubinfo.php?id=570},
	urldate = {2013-04-05},
	file = {ACT-R: Modeling paradigms is ACT-R (2006):/home/dgall/.mozilla/firefox/r7xmse5h.default/zotero/storage/3BB82RMR/pubinfo.html:text/html;ACT-R: Modeling paradigms is ACT-R (2006):/home/dgall/.mozilla/firefox/r7xmse5h.default/zotero/storage/CVKQJT32/pubinfo.html:text/html}
},

@article{ball_advantages_????,
	title = {Advantages of {ACT-R} over Prolog for Natural Language Analysis},
	url = {http://www.doublertheory.com/act-r-vs-prolog.pdf},
	urldate = {2013-05-13},
	author = {Ball, Jerry T.},
	file = {act-r-vs-prolog.pdf:/home/dgall/.mozilla/firefox/r7xmse5h.default/zotero/storage/D4A9FNX4/act-r-vs-prolog.pdf:application/pdf}
},

@article{raiser_analysing_2010,
	title = {Analysing graph transformation systems through constraint handling rules},
	volume = {11},
	issn = {1471-0684, 1475-3081},
	url = {http://www.journals.cambridge.org/abstract_S1471068410000438},
	doi = {10.1017/S1471068410000438},
	number = {01},
	urldate = {2013-04-03},
	journal = {Theory and Practice of Logic Programming},
	author = {Raiser, Frank and {Frühwirth}, Thom},
	year = {2010},
	pages = {65--109},
	file = {tlp1000043a - Raiser2010.pdf:/home/dgall/.mozilla/firefox/r7xmse5h.default/zotero/storage/QBR3RGQE/Raiser2010.pdf:application/pdf}
},

@article{anderson_integrated_2002,
	title = {An Integrated Theory of List Memory},
	author = {Anderson, John R. and Bothell, Dan and Lebiere, Christian and Matessa, Michael},
	url = {http://books.google.com/books?hl=en&lr=&id=FJblV_iOPjIC&oi=fnd&pg=PA463&dq=%22list+memory+paradigm+was+the%22+%22free+recall+strategies,+structure+of%22+%22the+expectation+that+there+should%22+%22will+show+that+the+ACT-R+theory+of%22+%22its+application+to+the+list+memory%22+&ots=zYIq7jKZXP&sig=ieB6LXv2k7Os_540CoJnzdG7Iec},
	urldate = {2013-05-05},
	journal = {Cognitive Modeling},
	year = {2002},
	pages = {463},
	file = {jra_etal_1998_a.pdf:/home/dgall/.mozilla/firefox/r7xmse5h.default/zotero/storage/GQ8CSRIC/jra_etal_1998_a.pdf:application/pdf}
},

@article{anderson_integrated_2004,
	title = {An Integrated Theory of the Mind},
	volume = {111},
	issn = {0033-{295X}},
	url = {http://doi.apa.org/getdoi.cfm?doi=10.1037/0033-295X.111.4.1036},
	doi = {10.1037/0033-295X.111.4.1036},
	number = {4},
	urldate = {2013-04-24},
	journal = {Psychological Review},
	author = {Anderson, John R. and Bothell, Daniel and Byrne, Michael D. and Douglass, Scott and Lebiere, Christian and Qin, Yulin},
	year = {2004},
	pages = {1036--1060},
	file = {10.1.1.80.4897.pdf:/home/dgall/.mozilla/firefox/r7xmse5h.default/zotero/storage/H2SKWARM/10.1.1.80.4897.pdf:application/pdf}
},

@article{lovett_source_2000,
	title = {A source activation theory of working memory: Cross-task prediction of performance in {ACT-R}},
	volume = {1},
	shorttitle = {A source activation theory of working memory},
	url = {http://www.sciencedirect.com/science/article/pii/S1389041799000121},
	number = {2},
	urldate = {2013-05-03},
	journal = {Cognitive Systems Research},
	author = {Lovett, Marsha C. and Daily, Larry Z. and Reder, Lynne M.},
	year = {2000},
	pages = {99–118},
	file = {1-s2.0-S1389041799000121-main.pdf:/home/dgall/.mozilla/firefox/r7xmse5h.default/zotero/storage/6C78U6MB/1-s2.0-S1389041799000121-main.pdf:application/pdf}
},

@article{schneider_asymmetric_2010,
	title = {Asymmetric switch costs as sequential difficulty effects},
	volume = {63},
	issn = {1747-0218, 1747-0226},
	url = {http://www.tandfonline.com/doi/abs/10.1080/17470211003624010},
	doi = {10.1080/17470211003624010},
	number = {10},
	urldate = {2013-03-22},
	journal = {The Quarterly Journal of Experimental Psychology},
	author = {Schneider, Darryl W. and Anderson, John R.},
	month = oct,
	year = {2010},
	pages = {1873--1894},
	file = {SchneiderAnderson_2010_QJEP.pdf:/home/dgall/.mozilla/firefox/r7xmse5h.default/zotero/storage/WF2VU5Q9/SchneiderAnderson_2010_QJEP.pdf:application/pdf}
},

@article{de_koninck_chrrp:_2007,
	title = {{CHRrp:} Constraint handling rules with rule priorities},
	volume = {18},
	shorttitle = {{CHRrp}},
	url = {http://ftp.cs.kuleuven.be/publicaties/rapporten/cw/CW479.pdf},
	urldate = {2013-04-24},
	journal = {{CW} Reports, volume {CW479}},
	author = {De Koninck, Leslie and Schrijvers, Tom and Demoen, Bart},
	year = {2007},
	file = {CiteSeerX — CHR rp: Constraint Handling Rules with Rule Priorities:/home/dgall/.mozilla/firefox/r7xmse5h.default/zotero/storage/WGRATQPX/summary.html:text/html;download.pdf:/home/dgall/.mozilla/firefox/r7xmse5h.default/zotero/storage/W5ISXGIM/download.pdf:application/pdf}
},

@inproceedings{stewart_deconstructing_2006,
	title = {Deconstructing {ACT-R}},
	url = {http://actr.psy.cmu.edu/papers/641/stewartPaper.pdf},
	urldate = {2013-04-24},
	booktitle = {Proceedings of the Seventh International Conference on Cognitive Modeling},
	author = {Stewart, Terrence C. and West, Robert L.},
	year = {2006},
	pages = {298–303},
	file = {2006-Deconstructing_ACT-R.pdf:/home/dgall/.mozilla/firefox/r7xmse5h.default/zotero/storage/TEU5479S/2006-Deconstructing_ACT-R.pdf:application/pdf}
},

@article{stewart_deconstructing_2007,
	title = {Deconstructing and reconstructing {ACT-R:} Exploring the architectural space},
	volume = {8},
	issn = {13890417},
	shorttitle = {Deconstructing and reconstructing {ACT-R}},
	url = {http://linkinghub.elsevier.com/retrieve/pii/S1389041707000253},
	doi = {10.1016/j.cogsys.2007.06.006},
	number = {3},
	urldate = {2013-04-24},
	journal = {Cognitive Systems Research},
	author = {Stewart, Terrence C. and West, Robert L.},
	month = sep,
	year = {2007},
	pages = {227--236},
	file = {1-s2.0-S1389041707000253-main.pdf:/home/dgall/.mozilla/firefox/r7xmse5h.default/zotero/storage/IAKBD2DF/1-s2.0-S1389041707000253-main.pdf:application/pdf}
},

@article{taatgen_explicit_1999,
	title = {Explicit learning in {ACT-R}},
	url = {http://cogprints.org/798/},
	urldate = {2013-05-03},
	journal = {Mind modelling: A cognitive science approach to reasoning, learning and discovery},
	author = {Taatgen, Niels A.},
	year = {1999},
	pages = {233–252},
	file = {prepubsTCW-97-2.pdf:/home/dgall/.mozilla/firefox/r7xmse5h.default/zotero/storage/7BMXPKW2/prepubsTCW-97-2.pdf:application/pdf}
},

@article{balduccini_formalization_2010,
	title = {Formalization of psychological knowledge in answer set programming and its application},
	volume = {10},
	url = {http://journals.cambridge.org/production/action/cjoGetFulltext?fulltextid=7834603},
	number = {4-6},
	urldate = {2013-04-24},
	journal = {Journal of Theory and Practice of Logic Programming ({TPLP)}},
	author = {Balduccini, Marcello and Girotto, Sara},
	year = {2010},
	pages = {725–740},
	file = {ICLP-24.pdf:/home/dgall/.mozilla/firefox/r7xmse5h.default/zotero/storage/59N8T7XW/ICLP-24.pdf:application/pdf}
},

@book{anderson_how_2007,
	title = {How can the human mind occur in the physical universe?},
	isbn = {978-0-19-539895-3},
	language = {English},
	publisher = {Oxford University Press},
	author = {Anderson, John R.},
	year = {2007},
	file = {How Can the Human Mind Occur in the Physical Universe - John R. Anderson 2007.pdf:/home/dgall/.mozilla/firefox/r7xmse5h.default/zotero/storage/2S7BFM6B/How Can the Human Mind Occur in the Physical Universe - John R. Anderson 2007.pdf:application/pdf}
},

@inproceedings{muller_implementing_2008,
	title = {Implementing a cognitive model in soar and act-r: A comparison},
	shorttitle = {Implementing a cognitive model in soar and act-r},
	url = {http://rose.ofai.at/research/agents/conf/at2ai6/papers/Muller.pdf},
	urldate = {2013-04-24},
	booktitle = {proceedings of Sixth International Workshop {“From} Agent Theory to Agent Implementation},
	author = {Muller, Tijmen Joppe and Heuvelink, Annerieke and Both, Fiemke},
	year = {2008},
	file = {Muller.pdf:/home/dgall/.mozilla/firefox/r7xmse5h.default/zotero/storage/6C3EBKUR/Muller.pdf:application/pdf}
},

@inproceedings{barto_intrinsically_2004,
	title = {Intrinsically motivated learning of hierarchical collections of skills},
	url = {http://www.fias.uni-frankfurt.de/~triesch/courses/reinforcement/papers/BartoEtAl-NIPS2004.pdf},
	urldate = {2013-05-02},
	booktitle = {Proceedings of the 3rd International Conference on Development and Learning ({ICDL} 2004)},
	author = {Barto, Andrew G. and Singh, Satinder and Chentanez, Nuttapong},
	year = {2004},
	pages = {112–19},
	file = {BartoEtAl-NIPS2004.pdf:/home/dgall/.mozilla/firefox/r7xmse5h.default/zotero/storage/4IZHV5DT/BartoEtAl-NIPS2004.pdf:application/pdf}
},

@article{schoppek_kopfrechnen_????,
	title = {Kopfrechnen aus der Sicht der {ACT-R} Theorie Cognitive arithmetic-a cognitive modelling approach in {ACT-R}},
	url = {psydok.sulb.uni-saarland.de/volltexte/2003/26/pdf/Kopfrechnen.pdf},
	urldate = {2013-04-23},
	author = {Schoppek, Wolfgang},
	file = {Kopfrechnen.pdf:/home/dgall/Dokumente/Uni/Computational Psychology/Kopfrechnen.pdf:application/pdf;Kopfrechnen.pdf:/home/dgall/.mozilla/firefox/r7xmse5h.default/zotero/storage/VACV3U8E/Kopfrechnen.pdf:application/pdf}
},

@inproceedings{salvucci_learning_2006,
	title = {Learning when to switch tasks in a dynamic multitasking environment},
	url = {http://citeseerx.ist.psu.edu/viewdoc/download?doi=10.1.1.72.7292&rep=rep1&type=pdf},
	urldate = {2013-03-22},
	booktitle = {Proceedings of the seventh international conference on cognitive modeling},
	author = {Salvucci, Dario D. and Taatgen, Niels A. and Kushleyeva, Yelena},
	year = {2006},
	pages = {268–273},
	file = {Microsoft Word - ICCM06 Final.doc - salvucciPaper.pdf:/home/dgall/.mozilla/firefox/r7xmse5h.default/zotero/storage/28RG7CID/salvucciPaper.pdf:application/pdf}
},

@incollection{taatgen_modeling_2006,
	title = {Modeling Paradigms in {ACT-R}},
	url = {http://act-r.psy.cmu.edu/papers/570/SDOC4697.pdf},
	urldate = {2013-04-05},
	booktitle = {Cognition and Multi-Agent Interaction: From Cognitive Modeling to Social Simulation.},
	publisher = {Cambridge University Press},
	author = {Taatgen, Niels A. and Lebiere, C. and Anderson, J.R.},
	year = {2006},
	pages = {29--52},
	file = {SDOC4697.pdf:/home/dgall/.mozilla/firefox/r7xmse5h.default/zotero/storage/RA5B9W7H/SDOC4697.pdf:application/pdf}
},

@article{taatgen_modeling_2005,
	title = {Modeling parallelization and flexibility improvements in skill acquisition: From dual tasks to complex dynamic skills},
	volume = {29},
	shorttitle = {Modeling parallelization and flexibility improvements in skill acquisition},
	url = {http://onlinelibrary.wiley.com/doi/10.1207/s15516709cog0000_23/abstract},
	number = {3},
	urldate = {2013-04-05},
	journal = {Cognitive Science},
	author = {Taatgen, Niels},
	year = {2005},
	pages = {421–455},
	file = {COG2903C.vp - parallel-flexible-published.pdf:/home/dgall/.mozilla/firefox/r7xmse5h.default/zotero/storage/ZFA2T87U/parallel-flexible-published.pdf:application/pdf}
},

@article{saptawijaya_modelling_????,
	title = {Modelling Morality with Prospective Logic},
	url = {http://www.researchgate.net/publication/220773876_Modelling_Morality_with_Prospective_Logic/file/d912f50b6a55f5ff0e.pdf},
	urldate = {2013-04-24},
	author = {Saptawijaya, Ari},
	file = {ijris09-moral.pdf:/home/dgall/.mozilla/firefox/r7xmse5h.default/zotero/storage/AHZAX2AR/ijris09-moral.pdf:application/pdf}
},

@incollection{haemmerle_modules_2006,
	title = {Modules for Prolog revisited},
	url = {http://link.springer.com/chapter/10.1007/11799573_6},
	urldate = {2013-05-14},
	booktitle = {Logic Programming},
	publisher = {Springer},
	author = {Haemmerlé, Rémy and Fages, Fran{\textbackslash}ccois},
	year = {2006},
	pages = {41–55},
	file = {HF06iclp.pdf:/home/dgall/.mozilla/firefox/r7xmse5h.default/zotero/storage/UJ9HCUA3/HF06iclp.pdf:application/pdf}
},

@misc{_niels_????,
	title = {Niels Taatgen homepage},
	url = {http://www.ai.rug.nl/~niels/overview.html},
	urldate = {2013-04-05},
	file = {Niels Taatgen homepage:/home/dgall/.mozilla/firefox/r7xmse5h.default/zotero/storage/ZS5GMD2T/overview.html:text/html}
},

@article{taatgen_production_2003,
	title = {Production compilation: A simple mechanism to model complex skill acquisition},
	volume = {45},
	shorttitle = {Production compilation},
	url = {http://hfs.sagepub.com/content/45/1/61.short},
	number = {1},
	urldate = {2013-04-05},
	journal = {Human Factors: The Journal of the Human Factors and Ergonomics Society},
	author = {Taatgen, Niels A. and Lee, Frank J.},
	year = {2003},
	pages = {61–76},
	file = {Taatgen ,r2.qxd - HF-published.pdf:/home/dgall/.mozilla/firefox/r7xmse5h.default/zotero/storage/DRNKIFXH/HF-published.pdf:application/pdf}
},

@article{taatgen_acquisition_2008,
	title = {The acquisition of robust and flexible cognitive skills.},
	volume = {137},
	issn = {1939-2222, 0096-3445},
	url = {http://doi.apa.org/getdoi.cfm?doi=10.1037/0096-3445.137.3.548},
	doi = {10.1037/0096-3445.137.3.548},
	number = {3},
	urldate = {2013-04-05},
	journal = {Journal of Experimental Psychology: General},
	author = {Taatgen, Niels A. and Huss, David and Dickison, Daniel and Anderson, John R.},
	year = {2008},
	pages = {548--565},
	file = {FMSpublished.pdf:/home/dgall/.mozilla/firefox/r7xmse5h.default/zotero/storage/TC53S88F/FMSpublished.pdf:application/pdf}
},

@article{anderson_fan_1999,
	title = {The fan effect: New results and new theories},
	volume = {128},
	shorttitle = {The fan effect},
	url = {http://www.andrew.cmu.edu/user/reder/publications/99_jra_lmr_2.pdf},
	urldate = {2013-05-05},
	journal = {{JOURNAL} {OF} {EXPERIMENTAL} {PSYCHOLOGY} {GENERAL}},
	author = {Anderson, John R. and Reder, Lynne M.},
	year = {1999},
	pages = {186–197},
	file = {99_jra_lmr_2.pdf:/home/dgall/.mozilla/firefox/r7xmse5h.default/zotero/storage/9E5N7MZB/99_jra_lmr_2.pdf:application/pdf;jra_lmr_1999.pdf:/home/dgall/.mozilla/firefox/r7xmse5h.default/zotero/storage/9X7RM5NA/jra_lmr_1999.pdf:application/pdf}
},

@inproceedings{detje_logic_2003,
	title = {The logic of cognitive systems: proceedings of the Fifth International Conference on Cognitive Modeling, April 10-12, 2003},
	isbn = {3933463157 9783933463159},
	shorttitle = {The logic of cognitive systems},
	language = {English},
	publisher = {Univ.-Verl. Bamberg},
	author = {Detje, Frank and International Conference on Cognitive Modeling. {\textless}5, 2003 and {Institut für Theoretische Psychologie.}},
	year = {2003},
	file = {paper0029.pdf:/home/dgall/.mozilla/firefox/r7xmse5h.default/zotero/storage/25BMU53A/paper0029.pdf:application/pdf}
},

@article{salvucci_threaded_2008,
	title = {Threaded cognition: An integrated theory of concurrent multitasking.},
	volume = {115},
	issn = {1939-1471, 0033-{295X}},
	shorttitle = {Threaded cognition},
	url = {http://doi.apa.org/getdoi.cfm?doi=10.1037/0033-295X.115.1.101},
	doi = {10.1037/0033-295X.115.1.101},
	number = {1},
	urldate = {2013-04-24},
	journal = {Psychological Review},
	author = {Salvucci, Dario D. and Taatgen, Niels A.},
	year = {2008},
	pages = {101--130},
	file = {Salvucci-PR08.pdf:/home/dgall/.mozilla/firefox/r7xmse5h.default/zotero/storage/8AZ24G5J/Salvucci-PR08.pdf:application/pdf}
},

@article{van_weert_chr$neg$_2006,
	title = {To {CHR\${\textbackslash}neg\$} or not to {CHR\${\textbackslash}neg\$:} Extending {CHR} with negation as absence},
	volume = {26},
	shorttitle = {To {CHR\${\textbackslash}neg\$} or not to {CHR\${\textbackslash}neg\$}},
	url = {http://jotun.cs.kuleuven.be/publicaties/rapporten/cw/CW446.pdf},
	urldate = {2013-04-25},
	journal = {{CW} Reports, volume {CW446}},
	author = {Van Weert, Peter and Sneyers, Jon and Schrijvers, Tom and Demoen, Bart},
	year = {2006},
	file = {CW446.pdf:/home/dgall/.mozilla/firefox/r7xmse5h.default/zotero/storage/R3JK98K9/CW446.pdf:application/pdf}
},

@article{covington_tokenization_2000,
	title = {Tokenization using {DCG} Rules},
	url = {http://www.ai.uga.edu/%5C~mc/projpaper.pdf},
	urldate = {2013-05-08},
	journal = {Artificial Intelligence Center, The University of Georgia Athens, Georgia, {USA}},
	author = {Covington, Michael A. and Center, Artificial Intelligence},
	year = {2000},
	file = {projpaper.pdf:/home/dgall/.mozilla/firefox/r7xmse5h.default/zotero/storage/QHMC56PU/projpaper.pdf:application/pdf}
},

@MISC{whitehill_understanding,
	title = {Understanding {ACT-R} – an Outsider’s Perspective},
	url = {http://citeseerx.ist.psu.edu/viewdoc/download?doi=10.1.1.184.8589&rep=rep1&type=pdf},
	urldate = {2013-03-22},
	author = {Whitehill, Jacob},
	file = {actr.pdf:/home/dgall/.mozilla/firefox/r7xmse5h.default/zotero/storage/QZ49RBGN/actr.pdf:application/pdf}
},

@article{taatgen_why_2002,
	title = {Why do children learn to say “broke”? A model of learning the past tense without feedback},
	volume = {86},
	shorttitle = {Why do children learn to say “broke”?},
	url = {http://www.sciencedirect.com/science/article/pii/S0010027702001762},
	number = {2},
	urldate = {2013-04-05},
	journal = {Cognition},
	author = {Taatgen, Niels A. and Anderson, John R.},
	year = {2002},
	pages = {123–155},
	file = {PII: S0010-0277(02)00176-2 - Past-Tense-published.pdf:/home/dgall/.mozilla/firefox/r7xmse5h.default/zotero/storage/442V8WIF/Past-Tense-published.pdf:application/pdf;sdarticle.pdf:/home/dgall/.mozilla/firefox/r7xmse5h.default/zotero/storage/E82A5JAV/sdarticle.pdf:application/pdf}
},

@article{anderson_working_1996,
	title = {Working memory: Activation limitations on retrieval},
	volume = {30},
	shorttitle = {Working memory},
	url = {http://citeseerx.ist.psu.edu/viewdoc/download?doi=10.1.1.5.6397&rep=rep1&type=pdf},
	number = {3},
	urldate = {2013-04-24},
	journal = {Cognitive psychology},
	author = {Anderson, John R. and Reder, Lynne M. and Lebiere, Christian},
	year = {1996},
	pages = {221–256},
	file = {d912f50d532cd825c1.pdf:/home/dgall/.mozilla/firefox/r7xmse5h.default/zotero/storage/JXRCKX4H/d912f50d532cd825c1.pdf:application/pdf}
},

@incollection{sun_introduction_2008,
	address = {New York},
	title = {Introduction to Computational Cognitive Modeling},
	url = {http://www.cogsci.rpi.edu/~rsun/folder-files/sun-CHCP-intro.pdf},
	urldate = {2013-07-15},
	booktitle = {The Cambridge Handbook of Computational Psychology},
	publisher = {Cambridge University Press},
	author = {Sun, Ron},
	editor = {Sun, Ron},
	year = {2008},
	pages = {3--19},
	file = {sun_08.pdf:/home/dgall/.mozilla/firefox/r7xmse5h.default/zotero/storage/CV27K54S/sun_08.pdf:application/pdf;sun-CHCP-intro.pdf:/home/dgall/.mozilla/firefox/r7xmse5h.default/zotero/storage/B9QAWV2R/sun-CHCP-intro.pdf:application/pdf}
}

@INPROCEEDINGS{anderson_implications_2000,
    author = {John R. Anderson and Christian D. Schunn},
    title = {Implications of the {ACT-R} learning theory: No magic bullets},
    booktitle = {Advances in instructional psychology: Educational design and cognitive science},
    volume = {5},
    editor = {R. Glaser},
    year = {2000},
    pages = {1--33},
    publisher = {Lawrence Erlbaum Associates},
    address = {Hillsdale, NJ}
},

@misc{actr_tutorial,
  title = {The {ACT-R} Tutorial},
  year = {2012},
  url = {http://act-r.psy.cmu.edu/actr6/units.zip}
}

@inbook{rescorla_wagner_1972,
    address = {New York},
    author = {Rescorla, R. A. and Wagner, A. W.},
    booktitle = {Classical Conditioning II: Current Research and Theory},
    chapter = {3},
    citeulike-article-id = {4202925},
    editor = {Black, A. H. and Prokasy, W. F.},
    pages = {64--99},
    posted-at = {2009-03-21 16:43:37},
    priority = {2},
    publisher = {Appleton-Century-Crofts},
    title = {A theory of Pavlovian conditioning: Variations in the effectiveness of reinforcement and nonreinforcement},
    year = {1972}
}

@book{fru_chr_book_2009,
author = {Thom Fr{\"u}hwirth},
title = {Constraint {H}andling {R}ules},
publisher = {Cambridge University Press},
year = 2009,
month = aug,
keywords = {tutorial},
isbn = {9780521877763},
url = {http://www.constraint-handling-rules.org},
}



@InProceedings{abdennadher_sts_chr13,
  author =	"Slim Abdennadher and Ghada Fakhry and Nada Sharaf",
  title =	"Implementation of the Operational Semantics for {CHR}
		 with User-defined Rule Priorities",
  booktitle =	"{CHR} '13: Proc.\ 10th Workshop on Constraint Handling
		 Rules",
  year = 	"2013",
  month =	jul,
  editor =	"Henning Christiansen and Jon Sneyers",
  publisher =	"K.U.Leuven, Department of Computer Science, Technical
		 report CW 641",
  pages =	"1--12",
  keywords =	"implementation, priorities",
  pdf =  	"http://dtai.cs.kuleuven.be/CHR/papers/
		 chr2013/01-Abdennadher-chr13.pdf",
}
